%% Created using Papers on Tue, 03 May 2016.
%% http://papersapp.com/papers/

@article{AielloLammens:2015ik,
author = {Aiello Lammens, Matthew E and Boria, Robert A and Radosavljevic, Aleksandar and Vilela, Bruno and Anderson, Robert P},
title = {{spThin: an R package for spatial thinning of species occurrence records for use in ecological niche models}},
journal = {Ecography},
year = {2015},
volume = {38},
number = {5},
pages = {541--545},
month = may
}

@article{Boria:2014fs,
author = {Boria, Robert A and Olson, Link E and Goodman, Steven M and Anderson, Robert P},
title = {{Spatial filtering to reduce sampling bias can improve the performance of ecological niche models}},
journal = {Ecological Modelling},
year = {2014},
volume = {275},
pages = {73--77},
month = mar
}

@article{Breiman:1996fi,
author = {Breiman, Leo},
title = {{Bagging predictors}},
journal = {Machine learning},
year = {1996},
volume = {24},
number = {2},
pages = {123--140}
}

@article{Drake:2015kl,
author = {Drake, John M},
title = {{Range bagging: a new method for ecological niche modelling from presence-only data}},
journal = {Journal of The Royal Society Interface},
year = {2015},
volume = {12},
number = {107},
pages = {20150086},
month = jun
}

@article{Drake:2014fk,
author = {Drake, John M and Beier, John C},
title = {{Ecological niche and potential distribution of Anopheles arabiensis in Africa in 2050}},
journal = {Malaria journal},
year = {2014},
volume = {13},
number = {1},
pages = {1--12}
}

@article{Elith:2009gj,
author = {Elith, Jane and Leathwick, John R},
title = {{Species Distribution Models: Ecological Explanation and Prediction Across Space and Time}},
journal = {Annual Review of Ecology, Evolution, and Systematics},
year = {2009},
volume = {40},
number = {1},
pages = {677--697}
}

@article{Fourcade:2014ka,
author = {Fourcade, Yoan and Engler, Jan O and R{\"o}dder, Dennis and Secondi, Jean},
title = {{Mapping Species Distributions with MAXENT Using a Geographically Biased Sample of Presence Data: A Performance Assessment of Methods for Correcting Sampling Bias}},
journal = {PLoS ONE},
year = {2014},
volume = {9},
number = {5},
pages = {e97122},
month = may
}

@article{GRAHAM:2004gt,
author = {GRAHAM, C and Ferrier, S and Huettman, F and Moritz, C and PETERSON, A},
title = {{New developments in museum-based informatics and applications in biodiversity analysis}},
journal = {Trends in Ecology {\&} Evolution},
year = {2004},
volume = {19},
number = {9},
pages = {497--503},
month = sep
}

@article{Gu:2004hz,
author = {Gu, W D and Swihart, R K},
title = {{Absent or undetected? Effects of non-detection of species occurrence on wildlife-habitat models}},
journal = {Biological Conservation},
year = {2004},
volume = {116},
number = {2},
pages = {195--203},
month = apr
}

@article{GUISAN:2005gz,
author = {GUISAN, ANTOINE and Thuiller, Wilfried},
title = {{Predicting species distribution: offering more than simple habitat models}},
journal = {Ecology Letters},
year = {2005},
volume = {8},
number = {9},
pages = {993--1009},
month = sep
}

@article{GUISAN:2000hy,
author = {GUISAN, ANTOINE and Zimmermann, Niklaus E},
title = {{Predictive habitat distribution models in ecology}},
journal = {Ecological Modelling},
year = {2000},
volume = {135},
number = {2-3},
pages = {147--186},
month = dec
}

@article{Hamazaki:2002jq,
author = {Hamazaki, Toshihide},
title = {{SPATIOTEMPORAL PREDICTION MODELS OF CETACEAN HABITATS IN THE MID-WESTERN NORTH ATLANTIC OCEAN (FROM CAPE HATTERAS, NORTH CAROLINA, U.S.A. TO NOVA SCOTIA, CANADA)}},
journal = {Marine Mammal Science},
year = {2002},
volume = {18},
number = {4},
pages = {920--939},
month = oct
}

@article{Higa:2015id,
author = {Higa, Motoki and Yamaura, Yuichi and Koizumi, Itsuro and Yabuhara, Yuki and Senzaki, Masayuki and Ono, Satoru},
title = {{Mapping large-scale bird distributions using occupancy models and citizen data with spatially biased sampling effort}},
journal = {Diversity and Distributions},
year = {2015},
volume = {21},
number = {1},
pages = {46--54},
month = jan
}

@book{Hijmans:2005wv,
author = {Hijmans, R and Cameron, S and Parra, J and Jones, P and Jarvis, A},
title = {{WORLDCLIM{\textendash}a set of global climate layers (climate grids)}},
publisher = {International Journal of {\ldots}},
year = {2005}
}

@article{Hijmans:2015ut,
author = {Hijmans, R J and Elith, J},
title = {{Species distribution modeling with R}},
year = {2015}
}

@article{Hijmans:2012tf,
author = {Hijmans, Robert J},
title = {{Cross-validation of species distribution models: removing spatial sorting bias and calibration with a null model}},
journal = {ecology},
year = {2012},
volume = {93},
number = {3},
pages = {679--688},
month = mar
}

@article{KramerSchadt:2013br,
author = {Kramer Schadt, Stephanie and Niedballa, J{\"u}rgen and Pilgrim, John D and Schr{\"o}der, Boris and Lindenborn, Jana and Reinfelder, Vanessa and Stillfried, Milena and Heckmann, Ilja and Scharf, Anne K and Augeri, Dave M and Cheyne, Susan M and Hearn, Andrew J and Ross, Joanna and Macdonald, David W and Mathai, John and Eaton, James and Marshall, Andrew J and Semiadi, Gono and Rustam, Rustam and Bernard, Henry and Alfred, Raymond and Samejima, Hiromitsu and Duckworth, J W and Breitenmoser Wuersten, Christine and Belant, Jerrold L and Hofer, Heribert and Wilting, Andreas},
title = {{The importance of correcting for sampling bias in MaxEnt species distribution models}},
journal = {Diversity and Distributions},
year = {2013},
volume = {19},
number = {11},
pages = {1366--1379},
month = nov
}

@article{Leroy:2015jt,
author = {Leroy, Boris and Meynard, Christine N and Bellard, C{\'e}line and Courchamp, Franck},
title = {{virtualspecies, an R package to generate virtual species distributions}},
journal = {Ecography},
year = {2015},
pages = {n/a--n/a},
month = jun
}

@article{Marmion:2009ef,
author = {Marmion, Mathieu and Luoto, Miska and Heikkinen, Risto K and Thuiller, Wilfried},
title = {{The performance of state-of-the-art modelling techniques depends on geographical distribution of species}},
journal = {Ecological Modelling},
year = {2009},
volume = {220},
number = {24},
pages = {3512--3520},
month = dec
}

@article{Phillips:2009ib,
author = {Phillips, Steven J and Dud{\'\i}k, Miroslav and Elith, Jane and Graham, Catherine H and Lehmann, Anthony and Leathwick, John and Ferrier, Simon},
title = {{Sample selection bias and presence-only distribution models: implications for background and pseudo-absence data}},
journal = {Ecological Applications},
year = {2009},
volume = {19},
number = {1},
pages = {181--197},
month = jan
}

@article{Phillips:2006ff,
author = {Phillips, Steven J and Anderson, Robert P and Schapire, Robert E},
title = {{Maximum entropy modeling of species geographic distributions}},
journal = {Ecological Modelling},
year = {2006},
volume = {190},
number = {3-4},
pages = {231--259},
month = jan
}

@article{Pulliam:2000gh,
author = {Pulliam, H R},
title = {{On the relationship between niche and distribution}},
journal = {Ecology Letters},
year = {2000},
volume = {3},
number = {4},
pages = {349--361},
month = jul
}

@article{Stolar:2015je,
author = {Stolar, Jessica and Nielsen, Scott E},
title = {{Accounting for spatially biased sampling effort in presence-only species distribution modelling}},
journal = {Diversity and Distributions},
year = {2015},
volume = {21},
number = {5},
pages = {595--608},
month = may
}

@article{Syfert:2013bb,
author = {Syfert, Mindy M and Smith, Matthew J and Coomes, David A},
title = {{The Effects of Sampling Bias and Model Complexity on the Predictive Performance of MaxEnt Species Distribution Models}},
journal = {PLoS ONE},
year = {2013},
volume = {8},
number = {2},
pages = {e55158},
month = feb
}

@article{Varela:2014ck,
author = {Varela, Sara and Anderson, Robert P and Garcia-Valdes, Raul and Fernandez-Gonzalez, Federico},
title = {{Environmental filters reduce the effects of sampling bias and improve predictions of ecological niche models}},
journal = {Ecography},
year = {2014},
volume = {37},
number = {11},
pages = {1084--1091},
month = nov
}

@article{Warton:2013im,
author = {Warton, David and Aarts, Geert},
title = {{Advancing our thinking in presence-only and used-available analysis}},
journal = {The Journal of animal ecology},
year = {2013},
volume = {82},
number = {6},
pages = {1125--1134},
month = nov
}

@article{Drake:2013un,
author = {Drake, John},
title = {{Unpublished work}},
year = {2013}
}

